<?xml version="1.0" encoding="UTF-8"?><collection xmlns="http://www.loc.gov/MARC21/slim"><record><leader>00621nam--2200193-i-4500</leader><controlfield tag="001">000009779</controlfield><controlfield tag="002">20161230</controlfield><controlfield tag="005">20161230201028</controlfield><controlfield tag="008">060222s1000------------r-----000-0-eng-d</controlfield><datafield ind1=" " ind2=" " tag="040"><subfield code="a">IFIN-HH</subfield></datafield><datafield ind1=" " ind2=" " tag="080"><subfield code="a">539.143.43:539.124.143:541.1</subfield></datafield><datafield ind1="1" ind2=" " tag="100"><subfield code="a">Carrington, Alan</subfield></datafield><datafield ind1="1" ind2="0" tag="245"><subfield code="a">Introduction to magnetic resonance</subfield><subfield code="b">With applications to chemistry and chemical physics</subfield><subfield code="c">Alan carrington, andrew d. mclachlan</subfield></datafield><datafield ind1=" " ind2=" " tag="260"><subfield code="a">New York</subfield><subfield code="b">Harper &amp; Row</subfield><subfield code="c">1967</subfield></datafield><datafield ind1=" " ind2=" " tag="300"><subfield code="a">XIX + 266 P</subfield></datafield><datafield ind1=" " ind2=" " tag="490"><subfield code="a">A Harper International Edition</subfield></datafield><datafield ind1="1" ind2=" " tag="700"><subfield code="a">Mclachlan, Andrew D</subfield></datafield><datafield ind1=" " ind2=" " tag="852"><subfield code="a">29639</subfield><subfield code="c">539.143.43</subfield></datafield><datafield ind1=" " ind2=" " tag="CAT"><subfield code="a">Sys</subfield><subfield code="c">20120503</subfield><subfield code="h">130224</subfield></datafield></record></collection>